@Book{leuwen00:_handb_schol,
  author =	 {M.-C. van Leuwen},
  title = 	 {A Handbook for Scholars},
  publisher = 	 {??},
  year = 	 1900
}

@Misc{Taylor:SIGuide:95,
  author =	 {B. N. Taylor},
  title =	 {Guide for the Use of the International System of Units (SI)},
  howpublished = {NIST Special Publication 811},
  year =	 1995,
  note =	 {\url{http://physics.nist.gov/Document/sp811.pdf}}
}

@inproceedings{Santos2019,
  author = {Santos, Jose and Wauters, Tim and Volckaert, Bruno and {De Turck}, Filip},
  title = {{Towards network-Aware resource provisioning in kubernetes for fog computing applications}},
  publisher = {IEEE Conference on Network Softwarization Unleashing the Power of Network Softwarization, NetSoft 2019},
  year = {2019},
  note = {\url{http://physics.nist.gov/Document/sp811.pdf}}
}

@inproceedings{Wobker2018,
  author = {W{\"{o}}bker, Cecil and Seitz, Andreas and Mueller, Harald and Bruegge, Bernd},
  publisher = {IEEE/IFIP Network Operations and Management Symposium: Cognitive Management in a Cyber World, NOMS 2018},
  title = {{Fogernetes: Deployment and management of fog computing applications}},
  year = {2018},
  note = {\url{https://ieeexplore.ieee.org/document/8406321}}
}

@book{Gog,
  author = {Gog, Ionel and Schwarzkopf, Malte and Gleave, Adam and Watson, Robert N M and Hand, Steven},
  title = {{Firmament: Fast, Centralized Cluster Scheduling at Scale Firmament: fast, centralized cluster scheduling at scale}},
  publisher = {12th USENIX Symposium on Operating Systems Design and Implementation (OSDI 2016)},
  year = {2016},
  note = {\url{https://www.usenix.org/conference/osdi16/technical-sessions/presentation/gog}}
}

@article{MichaelChimaOgbuachiAnnaRealePeterSuskovics,
  author = {{Michael Chima Ogbuachi, Anna Reale, P{\'{e}}ter Suskovics}, Benedek Kov{\'{a}}cs},
  title = {{Context-Aware Kubernetes Scheduler for Edge-native Applications on 5G}},
  publisher = {Journal of Communications, Software and Systems},
  year = {2020},
  note = {\url{https://jcomss.fesb.unist.hr/index.php/jcomss/article/view/1027}}
}

@article{Bittencourt2017,
  author = {Bittencourt, Luiz F. and Diaz-Montes, Javier and Buyya, Rajkumar and Rana, Omer F. and Parashar, Manish},
  publisher = {IEEE Cloud Computing},
  title = {{Mobility-Aware Application Scheduling in Fog Computing}},
  year = {2017},
  note = {\url{https://ieeexplore.ieee.org/document/7912261}}
}

@inproceedings{Haja2019,
  author = {Haja, David and Szalay, Mark and Sonkoly, Balazs and Pongracz, Gergely and Toka, Laszlo},
  publisher = {SIGCOMM 2019 - Proceedings of the 2019 ACM SIGCOMM Conference Posters and Demos, Part of SIGCOMM 2019},
  title = {{Sharpening Kubernetes for the Edge}},
  year = {2019},
  note = {\url{https://dl.acm.org/doi/10.1145/3342280.3342335}}
}

@inproceedings{Mittermeier2018,
  author = {Mittermeier, Ludwig and Katenbrink, Florian and Seitz, Andreas and Muller, Harald and Bruegge, Bernd},
  publisher = {Proceedings - 8th IEEE International Symposium on Cloud and Services Computing, SC2 2018},
  title = {{Dynamic scheduling for seamless computing}},
  year = {2018},
  note = {\url{https://ieeexplore.ieee.org/document/8567371}}
}

@article{Medel2018,
  author = {Medel, V{\'{i}}ctor and Tolosana-Calasanz, Rafael and Ba{\~{n}}ares, Jos{\'{e}} {\'{A}}ngel and Arronategui, Unai and Rana, Omer F.},
  publisher = {Elsevier Ltd},
  title = {{Characterising resource management performance in Kubernetes}},
  year = {2018},
  note = {\url{http://zaguan.unizar.es/record/75661/files/texto_completo.pdf}}
}

@article{Agarwal2016,
  author = {Agarwal, Swati and Yadav, Shashank and Yadav, Arun Kumar},
  publisher = {MECS Publisher},
  title = {{An Efficient Architecture and Algorithm for Resource Provisioning in Fog Computing}},
  year = {2016},
  note = {\url{http://j.mecs-press.net/ijieeb/ijieeb-v8-n1/IJIEEB-V8-N1-6.pdf}}
}

@misc{k8s,
title = {{Production-Grade Container Orchestration - Kubernetes}},
url = {https://kubernetes.io/},
}
