@Book{leuwen00:_handb_schol,
  author =	 {M.-C. van Leuwen},
  title = 	 {A Handbook for Scholars},
  publisher = 	 {Oxford University Press},
  year = 	 1900
}

@Misc{Taylor:SIGuide:95,
  author =	 {B. N. Taylor},
  title =	 {Guide for the Use of the International System of Units (SI)},
  howpublished = {NIST Special Publication 811},
  year =	 1995,
  url =	 {http://physics.nist.gov/Document/sp811.pdf}
}

@Book{booth16:_craft_resear,
  author = 	 {W. C. Booth and G. G. Colomb and J. M. Williams and J. Bizup and W. T. Fitzgerald},
  title = 	 {The Craft of Research},
  publisher = 	 {University of Chicago Press},
  year = 	 2016,
  edition = 	 {4th}}

@Book{williams16:_style,
  author = 	 {J. M. Williams and J. Bizup},
  title = 	 {Style: Lessons in Clarity in Grace},
  publisher = 	 {Longmann},
  year = 	 2016}
}

@inproceedings{Santos2019,
  author = {Santos, Jose and Wauters, Tim and Volckaert, Bruno and {De Turck}, Filip},
  title = {{Towards network-Aware resource provisioning in kubernetes for fog computing applications}},
  publisher = {IEEE Conference on Network Softwarization Unleashing the Power of Network Softwarization, NetSoft 2019},
  year = {2019},
  note = {\url{http://physics.nist.gov/Document/sp811.pdf}}
}

@inproceedings{Wobker2018,
  author = {W{\"{o}}bker, Cecil and Seitz, Andreas and Mueller, Harald and Bruegge, Bernd},
  publisher = {IEEE/IFIP Network Operations and Management Symposium: Cognitive Management in a Cyber World, NOMS 2018},
  title = {{Fogernetes: Deployment and management of fog computing applications}},
  year = {2018},
  note = {\url{https://ieeexplore.ieee.org/document/8406321}}
}

@techreport{Reale,
  author = {Reale, Anna and Kiss, P{\'{e}}ter and T{\'{o}}th, Melinda and Horv{\'{a}}th, Zolt{\'{a}}n},
  title = {{Designing a decentralized container based Fog computing framework for task distribution and management}},
  publisher = {INTERNATIONAL JOURNAL OF COMPUTERS AND COMMUNICATIONS,Vol13,2019},
  year = {2019},
  note ={\url{http://www.naun.org/main/UPress/cc/2019/a022012-044.pdf}}
}

@book{Gog,
  author = {Gog, Ionel and Schwarzkopf, Malte and Gleave, Adam and Watson, Robert N M and Hand, Steven},
  title = {{Firmament: Fast, Centralized Cluster Scheduling at Scale Firmament: fast, centralized cluster scheduling at scale}},
  publisher = {12th USENIX Symposium on Operating Systems Design and Implementation (OSDI 2016)},
  year = {2016},
  note = {\url{https://www.usenix.org/conference/osdi16/technical-sessions/presentation/gog}}
}

@article{Bittencourt2017,
  author = {Bittencourt, Luiz F. and Diaz-Montes, Javier and Buyya, Rajkumar and Rana, Omer F. and Parashar, Manish},
  publisher = {IEEE Cloud Computing},
  title = {{Mobility-Aware Application Scheduling in Fog Computing}},
  year = {2017},
  note = {\url{https://ieeexplore.ieee.org/document/7912261}}
}

@inproceedings{Haja2019,
  author = {Haja, David and Szalay, Mark and Sonkoly, Balazs and Pongracz, Gergely and Toka, Laszlo},
  publisher = {SIGCOMM 2019 - Proceedings of the 2019 ACM SIGCOMM Conference Posters and Demos, Part of SIGCOMM 2019},
  title = {{Sharpening Kubernetes for the Edge}},
  year = {2019},
  note = {\url{https://dl.acm.org/doi/10.1145/3342280.3342335}}
}
@misc{k8s,
  title = {{Production-Grade Container Orchestration - Kubernetes}},
  url = {https://kubernetes.io/}
}
